@book(Papamichalis87, 
author = "Papamichalis, P.E.",
key = "Papamichalis",
title = "Practical Approaches to Speech Coding",
publisher = "Prentice-Hall",
address = "Englewood Cliffs, NJ",
year = 1987,
annote = "describes adpcm speech coding, decoding, encoding and
others. section3")

@book(JayantandNoll84, 
author = "Jayant, N.S. and Noll, P.",
title = "Digital Coding of Waveforms",
publisher = "Prentice Hall",
address = "Englewood Cliffs, NJ",
year = 1984, 
annote = "adpcm encoding and decoding")

@article(IwadareandNishitani88,
author = "Iwadare, M. and Nishitani, T",
title = "64 kbit/s Audio Signal Transmission Approaches
Using 32 kbit/s ADPCM Channel Banks",
journal = "IEEE Journal on selected areas in communication",
volume = 6, 
number = 2,
month = "February",
year = 1988,
pages = "307 - 313",
annote = "adpcm encoding and decoding") 
